
@misc{Authors14,
 author = {Authors},
 title = {The frobnicatable foo filter},
 note = {Face and Gesture  submission ID 324. Supplied as additional material {\tt fg324.pdf}},
 year = 2014
}

@misc{Authors14b,
 author = {Authors},
 title = {Frobnication tutorial},
 note = {Supplied as additional material {\tt tr.pdf}},
 year = 2014
}

@article{Alpher02,
author = {FirstName Alpher},
title = {Frobnication},
journal = {Journal of Foo},
volume = 12, 
number = 1, 
pages = {234--778}, 
year = 2002
}

@article{Alpher03,
author = {FirstName Alpher and  FirstName Fotheringham-Smythe},
title = {Frobnication revisited},
journal = {Journal of Foo},
volume = 13, 
number = 1, 
pages = {234--778}, 
year = 2003
}

@article{Alpher04,
author = {FirstName Alpher and FirstName Fotheringham-Smythe and FirstName Gamow},
title = {Can a machine frobnicate?},
journal = {Journal of Foo},
volume = 14, 
number = 1, 
pages = {234--778}, 
year = 2004
}

@article{LNN_Tutorial,
author = {Pavel Nakaznenko},
title = {Step-by-Step Guide to Building an LTC Liquid Neural Network from Scratch},
note = {https://github.com/KPEKEP/LTCtutorial/blob/main/LNN_LTC_Tutorial_Eng.ipynb},
year = 2024
}

@article{NCP_Github,
author = {Mathias Lechner, et al},
title = {ncps},
note = {https://github.com/mlech26l/ncps/},
year = 2024
}

@article{CfC_LTC,
author = {Hasani, R., Lechner, M., Amini, A. et al.},
title = {Closed-form continuous-time neural networks.},
journal = {Nature Machine Intelligence},
number = 4, 
pages = {992â€“-1003}, 
note = {https://doi.org/10.1038/s42256-022-00556-7},
year = 2022
}

@article{hasani2022liquid,
  title={Liquid Structural State-Space Models},
  author={Hasani, Ramin and Lechner, Mathias and Wang, Tsun-Huang and Chahine, Makram and Amini, Alexander and Rus, Daniela},
  journal={arXiv preprint arXiv:2209.12951},
  year={2022}
}
